{1:F01BFTVNVNXAXXX.SQ..SEQ..}{2:I940BFTVVNVXXXXXN}{4:
:20:0680094021000001
:25:0211006868888
:28C:1/1
:60F:C210118VND199708678,
:61:210118D500000,NTRF5064-32943//5064-32943
:86:HQTP247.ID_CT 212838267221;LP PHT01;DVNP 0101452549;DVTP 31;MA_CQ
T 0200923421;TM 0000;ST ;
:61:210118D500000,NTRF5064-32961//5064-32961
:86:HQTP247.ID_CT 215713117169;LP PHT01;DVNP 0101452549;DVTP 31;MA_CQ
T 0200923421;TM 0000;ST ;
:61:210118D39728,NTRF5064-33372//5064-33372
:86:HQTP247.ID_CT 214131748621;LP PHT01;DVNP 0101452549;DVTP 31;MA_CQ
T 0200923421;TM 0000;ST ;
:61:210118D30820047,NTRF5065-46595//5065-46595
:86:NTDT+KB 0013-KBNN HOAN KIEM - HA NOI+NGAYNT 18012021+MST 01014525
49+DBHC 01TTT+TKNS 7111+CQT 1054449+LTHUE 01(C 557-TM 1001-KT 00/
:61:210118D500000,NTRF5064-32943//5064-32943
:86:HQTP247.ID_CT 212838267221;LP PHT01;DVNP 0101452549;DVTP 31;MA_CQ
T 0200923421;TM 0000;ST ;
:61:210118D500000,NTRF5064-32961//5064-32961
:86:HQTP247.ID_CT 215713117169;LP PHT01;DVNP 0101452549;DVTP 31;MA_CQ
T 0200923421;TM 0000;ST ;
:61:210118D39728,NTRF5064-33372//5064-33372
:86:HQTP247.ID_CT 214131748621;LP PHT01;DVNP 0101452549;DVTP 31;MA_CQ
T 0200923421;TM 0000;ST ;
:61:210118D30820047,NTRF5065-46595//5065-46595
:86:NTDT+KB 0013-KBNN HOAN KIEM - HA NOI+NGAYNT 18012021+MST 01014525
49+DBHC 01TTT+TKNS 7111+CQT 1054449+LTHUE 01(C 557-TM 1001-KT 00/
:62M:C210118VND167848903,
-}